<?xml version="1.0" encoding="UTF-8"?>
  <record xmlns="http://www.loc.gov/MARC21/slim" type="Authority">
    <leader>00000nz  a2200000nc 4500</leader>
    <controlfield tag="001">119308169</controlfield>
    <controlfield tag="003">DE-101</controlfield>
    <controlfield tag="005">20220721175840.0</controlfield>
    <controlfield tag="008">960130n||azznnaabn           | aaa    |c</controlfield>
    <datafield tag="024" ind1="7" ind2=" ">
      <subfield code="a">119308169</subfield>
      <subfield code="0">http://d-nb.info/gnd/119308169</subfield>
      <subfield code="2">gnd</subfield>
    </datafield>
    <datafield tag="035" ind1=" " ind2=" ">
      <subfield code="a">(DE-101)119308169</subfield>
    </datafield>
    <datafield tag="035" ind1=" " ind2=" ">
      <subfield code="a">(DE-588)119308169</subfield>
    </datafield>
    <datafield tag="035" ind1=" " ind2=" ">
      <subfield code="z">(DE-588)185678378</subfield>
    </datafield>
    <datafield tag="035" ind1=" " ind2=" ">
      <subfield code="z">(DE-588a)185678378</subfield>
      <subfield code="9">v:zg</subfield>
    </datafield>
    <datafield tag="035" ind1=" " ind2=" ">
      <subfield code="z">(DE-588)14204413X</subfield>
    </datafield>
    <datafield tag="035" ind1=" " ind2=" ">
      <subfield code="z">(DE-588a)14204413X</subfield>
      <subfield code="9">v:zg</subfield>
    </datafield>
    <datafield tag="035" ind1=" " ind2=" ">
      <subfield code="z">(DE-588)172906520</subfield>
    </datafield>
    <datafield tag="035" ind1=" " ind2=" ">
      <subfield code="z">(DE-588a)172906520</subfield>
      <subfield code="9">v:zg</subfield>
    </datafield>
    <datafield tag="035" ind1=" " ind2=" ">
      <subfield code="z">(DE-588a)119308169</subfield>
      <subfield code="9">v:zg</subfield>
    </datafield>
    <datafield tag="035" ind1=" " ind2=" ">
      <subfield code="z">(DE-588a)134913663</subfield>
    </datafield>
    <datafield tag="035" ind1=" " ind2=" ">
      <subfield code="z">(DE-588a)135742617</subfield>
    </datafield>
    <datafield tag="035" ind1=" " ind2=" ">
      <subfield code="z">(DE-588a)100094880</subfield>
    </datafield>
    <datafield tag="035" ind1=" " ind2=" ">
      <subfield code="z">(DE-101c)310603668</subfield>
    </datafield>
    <datafield tag="035" ind1=" " ind2=" ">
      <subfield code="z">(DE-588c)4400270-1</subfield>
      <subfield code="9">v:zg</subfield>
    </datafield>
    <datafield tag="040" ind1=" " ind2=" ">
      <subfield code="a">DE-7</subfield>
      <subfield code="c">DE-7</subfield>
      <subfield code="9">r:DE-601</subfield>
      <subfield code="b">ger</subfield>
      <subfield code="d">9999</subfield>
      <subfield code="e">rda</subfield>
    </datafield>
    <datafield tag="042" ind1=" " ind2=" ">
      <subfield code="a">gnd1</subfield>
    </datafield>
    <datafield tag="043" ind1=" " ind2=" ">
      <subfield code="c">XA-PT</subfield>
    </datafield>
    <datafield tag="065" ind1=" " ind2=" ">
      <subfield code="a">16.5p</subfield>
      <subfield code="2">sswd</subfield>
    </datafield>
    <datafield tag="075" ind1=" " ind2=" ">
      <subfield code="b">p</subfield>
      <subfield code="2">gndgen</subfield>
    </datafield>
    <datafield tag="075" ind1=" " ind2=" ">
      <subfield code="b">pik</subfield>
      <subfield code="2">gndspec</subfield>
    </datafield>
    <datafield tag="079" ind1=" " ind2=" ">
      <subfield code="a">g</subfield>
      <subfield code="q">a</subfield>
      <subfield code="q">f</subfield>
      <subfield code="q">s</subfield>
      <subfield code="q">m</subfield>
      <subfield code="u">m</subfield>
      <subfield code="u">v</subfield>
    </datafield>
    <datafield tag="100" ind1="0" ind2=" ">
      <subfield code="a">Johann</subfield>
      <subfield code="b">IV.</subfield>
      <subfield code="c">Portugal, König</subfield>
      <subfield code="d">1604-1656</subfield>
    </datafield>
    <datafield tag="375" ind1=" " ind2=" ">
      <subfield code="a">1</subfield>
      <subfield code="2">iso5218</subfield>
    </datafield>
    <datafield tag="400" ind1="0" ind2=" ">
      <subfield code="a">Johann</subfield>
      <subfield code="b">II.</subfield>
      <subfield code="c">Bragança, Herzog</subfield>
      <subfield code="d">1604-1656</subfield>
    </datafield>
    <datafield tag="400" ind1="0" ind2=" ">
      <subfield code="a">Juan</subfield>
      <subfield code="b">IV.</subfield>
      <subfield code="c">Portugal, Rey</subfield>
      <subfield code="d">1604-1656</subfield>
    </datafield>
    <datafield tag="400" ind1="0" ind2=" ">
      <subfield code="a">João</subfield>
      <subfield code="b">IV.</subfield>
      <subfield code="c">Portuges, Rei</subfield>
      <subfield code="d">1604-1656</subfield>
    </datafield>
    <datafield tag="400" ind1="0" ind2=" ">
      <subfield code="a">John</subfield>
      <subfield code="b">IV.</subfield>
      <subfield code="c">Portugal, King</subfield>
      <subfield code="d">1604-1656</subfield>
    </datafield>
    <datafield tag="400" ind1="0" ind2=" ">
      <subfield code="a">Dom João</subfield>
      <subfield code="b">IV.</subfield>
      <subfield code="d">1604-1656</subfield>
    </datafield>
    <datafield tag="400" ind1="0" ind2=" ">
      <subfield code="a">João</subfield>
      <subfield code="b">IV.</subfield>
      <subfield code="c">Portugal, Rei</subfield>
      <subfield code="d">1604-1656</subfield>
    </datafield>
    <datafield tag="400" ind1="0" ind2=" ">
      <subfield code="a">João</subfield>
      <subfield code="b">IV</subfield>
      <subfield code="c">König von Portugal</subfield>
      <subfield code="d">1604-1656</subfield>
    </datafield>
    <datafield tag="400" ind1="0" ind2=" ">
      <subfield code="a">Johann</subfield>
      <subfield code="b">IV</subfield>
      <subfield code="c">König von Portugal</subfield>
      <subfield code="d">1604-1656</subfield>
    </datafield>
    <datafield tag="400" ind1="0" ind2=" ">
      <subfield code="a">João</subfield>
      <subfield code="b">IV</subfield>
      <subfield code="c">Rei, Portugal</subfield>
      <subfield code="d">1604-1656</subfield>
    </datafield>
    <datafield tag="400" ind1="0" ind2=" ">
      <subfield code="a">Johann</subfield>
      <subfield code="b">4</subfield>
      <subfield code="c">Portugal ; König</subfield>
      <subfield code="d">1604-1656</subfield>
    </datafield>
    <datafield tag="400" ind1="0" ind2=" ">
      <subfield code="a">João</subfield>
      <subfield code="b">4</subfield>
      <subfield code="c">Portugal ; König</subfield>
      <subfield code="d">1604-1656</subfield>
    </datafield>
    <datafield tag="400" ind1="0" ind2=" ">
      <subfield code="a">John</subfield>
      <subfield code="b">IV</subfield>
      <subfield code="c">King of Portugal</subfield>
      <subfield code="d">1604-1656</subfield>
    </datafield>
    <datafield tag="400" ind1="0" ind2=" ">
      <subfield code="a">Juan</subfield>
      <subfield code="b">IV</subfield>
      <subfield code="c">König von Portugal</subfield>
      <subfield code="d">1604-1656</subfield>
    </datafield>
    <datafield tag="400" ind1="0" ind2=" ">
      <subfield code="a">John</subfield>
      <subfield code="b">IV</subfield>
      <subfield code="c">König von Portugal</subfield>
      <subfield code="d">1604-1656</subfield>
    </datafield>
    <datafield tag="400" ind1="0" ind2=" ">
      <subfield code="a">Jean</subfield>
      <subfield code="b">IV</subfield>
      <subfield code="c">König von Portugal</subfield>
      <subfield code="d">1604-1656</subfield>
    </datafield>
    <datafield tag="400" ind1="0" ind2=" ">
      <subfield code="a">Job</subfield>
      <subfield code="b">IV</subfield>
      <subfield code="c">König von Portugal</subfield>
      <subfield code="d">1604-1656</subfield>
    </datafield>
    <datafield tag="400" ind1="0" ind2=" ">
      <subfield code="a">Joao</subfield>
      <subfield code="b">IV.</subfield>
      <subfield code="c">Lisboa, Rei</subfield>
      <subfield code="d">1604-1656</subfield>
    </datafield>
    <datafield tag="400" ind1="0" ind2=" ">
      <subfield code="a">Joao</subfield>
      <subfield code="c">El Afortunoda</subfield>
      <subfield code="d">1604-1656</subfield>
    </datafield>
    <datafield tag="400" ind1="0" ind2=" ">
      <subfield code="a">Johannes</subfield>
      <subfield code="b">IV.</subfield>
      <subfield code="c">Portugal, Rex</subfield>
      <subfield code="d">1604-1656</subfield>
    </datafield>
    <datafield tag="400" ind1="0" ind2=" ">
      <subfield code="a">Johannes</subfield>
      <subfield code="b">IV.</subfield>
      <subfield code="c">Portugal, König</subfield>
      <subfield code="d">1604-1656</subfield>
    </datafield>
    <datafield tag="400" ind1="0" ind2=" ">
      <subfield code="a">Joannes</subfield>
      <subfield code="c">Portugallia, Rex</subfield>
      <subfield code="d">1604-1656</subfield>
    </datafield>
    <datafield tag="400" ind1="0" ind2=" ">
      <subfield code="a">Joannes</subfield>
      <subfield code="b">IV.</subfield>
      <subfield code="c">Portugal, König</subfield>
      <subfield code="d">1604-1656</subfield>
    </datafield>
    <datafield tag="400" ind1="0" ind2=" ">
      <subfield code="a">Joannes</subfield>
      <subfield code="b">IV.</subfield>
      <subfield code="c">Lusitania, Rex</subfield>
      <subfield code="d">1604-1656</subfield>
    </datafield>
    <datafield tag="400" ind1="0" ind2=" ">
      <subfield code="a">Joan</subfield>
      <subfield code="b">IV.</subfield>
      <subfield code="c">Portugael, Koning</subfield>
      <subfield code="d">1604-1656</subfield>
    </datafield>
    <datafield tag="400" ind1="0" ind2=" ">
      <subfield code="a">Joam</subfield>
      <subfield code="b">IV.</subfield>
      <subfield code="c">Portugal, Rey</subfield>
      <subfield code="d">1604-1656</subfield>
    </datafield>
    <datafield tag="500" ind1="0" ind2=" ">
      <subfield code="0">(DE-101)1025685814</subfield>
      <subfield code="0">(DE-588)1025685814</subfield>
      <subfield code="0">https://d-nb.info/gnd/1025685814</subfield>
      <subfield code="a">Luise de Guzmán</subfield>
      <subfield code="c">Portugal, Königin</subfield>
      <subfield code="d">1613-1666</subfield>
      <subfield code="4">bezf</subfield>
      <subfield code="4">https://d-nb.info/standards/elementset/gnd#familialRelationship</subfield>
      <subfield code="w">r</subfield>
      <subfield code="i">Beziehung familiaer</subfield>
      <subfield code="e">Beziehung familiaer</subfield>
      <subfield code="9">v:Gemahlin</subfield>
    </datafield>
    <datafield tag="500" ind1="0" ind2=" ">
      <subfield code="0">(DE-101)136069053</subfield>
      <subfield code="0">(DE-588)136069053</subfield>
      <subfield code="0">https://d-nb.info/gnd/136069053</subfield>
      <subfield code="a">Katharina</subfield>
      <subfield code="c">Portugal, Infantin</subfield>
      <subfield code="d">1638-1705</subfield>
      <subfield code="4">bezf</subfield>
      <subfield code="4">https://d-nb.info/standards/elementset/gnd#familialRelationship</subfield>
      <subfield code="w">r</subfield>
      <subfield code="i">Beziehung familiaer</subfield>
      <subfield code="e">Beziehung familiaer</subfield>
      <subfield code="9">v:Tochter</subfield>
    </datafield>
    <datafield tag="500" ind1="0" ind2=" ">
      <subfield code="0">(DE-101)119559889</subfield>
      <subfield code="0">(DE-588)119559889</subfield>
      <subfield code="0">https://d-nb.info/gnd/119559889</subfield>
      <subfield code="a">Alfons</subfield>
      <subfield code="b">VI.</subfield>
      <subfield code="c">Portugal, König</subfield>
      <subfield code="d">1643-1683</subfield>
      <subfield code="4">bezf</subfield>
      <subfield code="4">https://d-nb.info/standards/elementset/gnd#familialRelationship</subfield>
      <subfield code="w">r</subfield>
      <subfield code="i">Beziehung familiaer</subfield>
      <subfield code="e">Beziehung familiaer</subfield>
      <subfield code="9">v:Sohn</subfield>
    </datafield>
    <datafield tag="500" ind1="0" ind2=" ">
      <subfield code="0">(DE-101)119241838</subfield>
      <subfield code="0">(DE-588)119241838</subfield>
      <subfield code="0">https://d-nb.info/gnd/119241838</subfield>
      <subfield code="a">Peter</subfield>
      <subfield code="b">II.</subfield>
      <subfield code="c">Portugal, König</subfield>
      <subfield code="d">1648-1706</subfield>
      <subfield code="4">bezf</subfield>
      <subfield code="4">https://d-nb.info/standards/elementset/gnd#familialRelationship</subfield>
      <subfield code="w">r</subfield>
      <subfield code="i">Beziehung familiaer</subfield>
      <subfield code="e">Beziehung familiaer</subfield>
      <subfield code="9">v:Sohn</subfield>
    </datafield>
    <datafield tag="548" ind1=" " ind2=" ">
      <subfield code="a">1604-1656</subfield>
      <subfield code="4">datl</subfield>
      <subfield code="4">https://d-nb.info/standards/elementset/gnd#dateOfBirthAndDeath</subfield>
      <subfield code="w">r</subfield>
      <subfield code="i">Lebensdaten</subfield>
    </datafield>
    <datafield tag="548" ind1=" " ind2=" ">
      <subfield code="a">18.03.1604-06.11.1656</subfield>
      <subfield code="4">datx</subfield>
      <subfield code="4">https://d-nb.info/standards/elementset/gnd#dateOfBirthAndDeath</subfield>
      <subfield code="w">r</subfield>
      <subfield code="i">Exakte Lebensdaten</subfield>
    </datafield>
    <datafield tag="550" ind1=" " ind2=" ">
      <subfield code="0">(DE-101)040315169</subfield>
      <subfield code="0">(DE-588)4031516-2</subfield>
      <subfield code="0">https://d-nb.info/gnd/4031516-2</subfield>
      <subfield code="a">König</subfield>
      <subfield code="4">adel</subfield>
      <subfield code="4">https://d-nb.info/standards/elementset/gnd#titleOfNobility</subfield>
      <subfield code="w">r</subfield>
      <subfield code="i">Adelstitel</subfield>
    </datafield>
    <datafield tag="550" ind1=" " ind2=" ">
      <subfield code="0">(DE-101)040004643</subfield>
      <subfield code="0">(DE-588)4000464-8</subfield>
      <subfield code="0">https://d-nb.info/gnd/4000464-8</subfield>
      <subfield code="a">Adel</subfield>
      <subfield code="4">obin</subfield>
      <subfield code="4">https://d-nb.info/standards/elementset/gnd#broaderTermInstantial</subfield>
      <subfield code="w">r</subfield>
      <subfield code="i">Oberbegriff instantiell</subfield>
    </datafield>
    <datafield tag="550" ind1=" " ind2=" ">
      <subfield code="0">(DE-101)04032009X</subfield>
      <subfield code="0">(DE-588)4032009-1</subfield>
      <subfield code="0">https://d-nb.info/gnd/4032009-1</subfield>
      <subfield code="a">Komponist</subfield>
      <subfield code="4">berc</subfield>
      <subfield code="4">https://d-nb.info/standards/elementset/gnd#professionOrOccupation</subfield>
      <subfield code="w">r</subfield>
      <subfield code="i">Charakteristischer Beruf</subfield>
    </datafield>
    <datafield tag="551" ind1=" " ind2=" ">
      <subfield code="0">(DE-101)952376377</subfield>
      <subfield code="0">(DE-588)4480764-8</subfield>
      <subfield code="0">https://d-nb.info/gnd/4480764-8</subfield>
      <subfield code="a">Vila Viçosa</subfield>
      <subfield code="4">ortg</subfield>
      <subfield code="4">https://d-nb.info/standards/elementset/gnd#placeOfBirth</subfield>
      <subfield code="w">r</subfield>
      <subfield code="i">Geburtsort</subfield>
    </datafield>
    <datafield tag="551" ind1=" " ind2=" ">
      <subfield code="0">(DE-101)040359190</subfield>
      <subfield code="0">(DE-588)4035919-0</subfield>
      <subfield code="0">https://d-nb.info/gnd/4035919-0</subfield>
      <subfield code="a">Lissabon</subfield>
      <subfield code="4">orts</subfield>
      <subfield code="4">https://d-nb.info/standards/elementset/gnd#placeOfDeath</subfield>
      <subfield code="w">r</subfield>
      <subfield code="i">Sterbeort</subfield>
    </datafield>
    <datafield tag="667" ind1=" " ind2=" ">
      <subfield code="a">12</subfield>
    </datafield>
    <datafield tag="667" ind1=" " ind2=" ">
      <subfield code="a">384</subfield>
    </datafield>
    <datafield tag="667" ind1=" " ind2=" ">
      <subfield code="a">VD-17</subfield>
    </datafield>
    <datafield tag="667" ind1=" " ind2=" ">
      <subfield code="a">Quelle: LCAuth/KIDS</subfield>
    </datafield>
    <datafield tag="670" ind1=" " ind2=" ">
      <subfield code="a">B 1986;M</subfield>
    </datafield>
    <datafield tag="670" ind1=" " ind2=" ">
      <subfield code="a">LCAuth/PND, abgeändert nach KIDS</subfield>
    </datafield>
    <datafield tag="672" ind1=" " ind2="0">
      <subfield code="a">Credenz-Schreiben in Form eines Patents</subfield>
      <subfield code="f">1641</subfield>
    </datafield>
    <datafield tag="672" ind1=" " ind2="0">
      <subfield code="a">Defensa de la musica moderna contra la errada opinion ... - s.a.</subfield>
    </datafield>
    <datafield tag="672" ind1=" " ind2="0">
      <subfield code="a">Dubii, quali furono proposti sopra la messa, Panis quem ego ..</subfield>
      <subfield code="f">1958</subfield>
    </datafield>
    <datafield tag="672" ind1=" " ind2="0">
      <subfield code="a">Respuestas a las dudas que se pusieron a la missa Panis ..</subfield>
      <subfield code="f">1958</subfield>
    </datafield>
    <datafield tag="672" ind1=" " ind2="0">
      <subfield code="a">Peixoto, Joam C.: Oraçam funebre nas exequias reais da Magestade del Rey Dom Ioão ..</subfield>
      <subfield code="f">1657</subfield>
    </datafield>
    <datafield tag="678" ind1=" " ind2=" ">
      <subfield code="b">21. König von Portugal. Erster Monarch aus dem Haus Braganza, 1640 bis 1656</subfield>
    </datafield>
    <datafield tag="913" ind1=" " ind2=" ">
      <subfield code="S">pnd</subfield>
      <subfield code="i">5</subfield>
      <subfield code="a">João &lt;Portugal, Rei, IV.&gt;</subfield>
      <subfield code="0">(DE-588a)119308169</subfield>
    </datafield>
    <datafield tag="913" ind1=" " ind2=" ">
      <subfield code="S">pnd</subfield>
      <subfield code="i">5</subfield>
      <subfield code="a">Johann &lt;Portugal, König, IV.&gt;</subfield>
      <subfield code="0">(DE-588a)119308169</subfield>
    </datafield>
    <datafield tag="913" ind1=" " ind2=" ">
      <subfield code="S">pnd</subfield>
      <subfield code="i">5</subfield>
      <subfield code="a">João &lt;Portugal, Rei, IIII.&gt;</subfield>
      <subfield code="0">(DE-588a)172906520</subfield>
    </datafield>
    <datafield tag="913" ind1=" " ind2=" ">
      <subfield code="S">pnd</subfield>
      <subfield code="i">a</subfield>
      <subfield code="a">Johann IV., König von Portugal</subfield>
      <subfield code="0">(DE-588a)14204413X</subfield>
    </datafield>
    <datafield tag="913" ind1=" " ind2=" ">
      <subfield code="S">pnd</subfield>
      <subfield code="i">5</subfield>
      <subfield code="a">Joao &lt;Portugal, Rei, Iv.&gt;</subfield>
      <subfield code="0">(DE-588a)185678378</subfield>
    </datafield>
  </record>
